

@book{somerville,
  title={Software Engineering},
  author={Somerville, I.},
  edition={9th Edition},
  number={v. 264--274},
  year={2011},
  publisher={Addison-Wesley}
}

@book{nka,
  title={Quem Somos},
  author={NKA},
  year={2021},
  url={https://nka.pt/pt-pt/content/quem-somos}
}

@book{nka1,
  title={O que Ã© a NkaAcademies?},
  author={NKA},
  year={2021},
  url={https://www.nkaacademies.pt/pt/#what-we-do}
}

@book{xampp,
  title={About the XAMPP project},
  author={Friends, A.},
  url={https://www.apachefriends.org/pt_br/about.html},
  year={2018},
}

@book{laragon,
  title={100+ Awesome Web Development Tools and Resources},
  author={Keycdn},
  url={https://www.keycdn.com/blog/web-development-tools},
  year={2015},
}

@book{vscode,
  title={VsCode FAQ},
  author={Microsoft},
  url={https://code.visualstudio.com/docs/supporting/FAQ},
  year={2021},
}

@book{xdebug,
  title={Xdebug - Debugger and Profiler Tool for PHP},
  author={Rethans, Derick},
  url={https://xdebug.org/},
  year={2020},
}

@book{jquery,
  title={jQuery Ajax introduction},
  author={TutorialsTeacher},
  url={https://www.tutorialsteacher.com/jquery/jquery-ajax-introduction},
  year={2020},
}

@book{summernote,
  title={Summernote},
  author={SummernoteTeam},
  url={https://summernote.org/},
  year={2020},
}
% https://nka.pt/pt-pt/content/quem-somos%
